<?xml version="1.0" encoding="UTF-8"?><collection xmlns="http://www.loc.gov/MARC21/slim"><record><leader>00318nam--2200109-i-4500</leader><controlfield tag="001">000022088</controlfield><controlfield tag="002">20161230</controlfield><controlfield tag="005">20161230201034</controlfield><controlfield tag="008">060222s1000------------r-----000-0-eng-d</controlfield><datafield ind1=" " ind2=" " tag="245"><subfield code="a">Hauptkatalog 5. 1961-d. chemikalien, analysen reagentien, wissenschaftliche praparate</subfield></datafield><datafield ind1=" " ind2=" " tag="260"><subfield code="a">Buchs, Fluka Ag, 1961 386 P</subfield></datafield><datafield ind1=" " ind2=" " tag="852"><subfield code="a">D.2067</subfield></datafield></record></collection>